<?xml version="1.0" encoding="UTF-8"?><record xmlns="http://www.loc.gov/MARC21/slim" xmlns:cinclude="http://apache.org/cocoon/include/1.0" xmlns:zs="http://www.loc.gov/zing/srw/">
  <leader>02458nz  a2200253n  4500</leader>
  <controlfield tag="001">n 2015181526</controlfield>
  <controlfield tag="003">DLC</controlfield>
  <controlfield tag="005">20150304044104.0</controlfield>
  <controlfield tag="008">150304n| azannaabn          |b ana      </controlfield>
  <datafield tag="010" ind1=" " ind2=" ">
    <subfield code="a">n 2015181526</subfield>
  </datafield>
  <datafield tag="035" ind1=" " ind2=" ">
    <subfield code="a">(DNLM)1644553</subfield>
  </datafield>
  <datafield tag="040" ind1=" " ind2=" ">
    <subfield code="a">DNLM</subfield>
    <subfield code="b">eng</subfield>
    <subfield code="e">rda</subfield>
    <subfield code="c">DNLM</subfield>
  </datafield>
  <datafield tag="046" ind1=" " ind2=" ">
    <subfield code="s">20100226</subfield>
  </datafield>
  <datafield tag="110" ind1="2" ind2=" ">
    <subfield code="a">Filial No. 3 Glavnogo voennogo klinicheskogo gospitali︠a︡ imeni akademika N.N. Burdenko</subfield>
  </datafield>
  <datafield tag="410" ind1="2" ind2=" ">
    <subfield code="a">Филиал No. 3 Главного военного клинического госпиталя имени академика Н.Н. Бурденко</subfield>
  </datafield>
  <datafield tag="410" ind1="2" ind2=" ">
    <subfield code="a">Filial No. 3 GVKG im. akad. N.N. Burdenko</subfield>
  </datafield>
  <datafield tag="410" ind1="2" ind2=" ">
    <subfield code="a">Филиал No. 3 ГВКГ им. акад. Н.Н. Бурденко</subfield>
  </datafield>
  <datafield tag="410" ind1="2" ind2=" ">
    <subfield code="a">32 T︠s︡entralʹnyĭ voenno-morskoĭ klinicheskiĭ gospitalʹ.</subfield>
    <subfield code="b">Filial No. 3</subfield>
  </datafield>
  <datafield tag="410" ind1="2" ind2=" ">
    <subfield code="a">32 Центральный военно-морской клинический госпиталь.</subfield>
    <subfield code="b">Филиал No. 3</subfield>
  </datafield>
  <datafield tag="410" ind1="1" ind2=" ">
    <subfield code="a">Russia (Federation).</subfield>
    <subfield code="b">Ministerstvo oborony.</subfield>
    <subfield code="b">Filial No. 3 Glavnogo voennogo klinicheskogo gospitali︠a︡ imeni akademika N.N. Burdenko</subfield>
  </datafield>
  <datafield tag="410" ind1="1" ind2=" ">
    <subfield code="a">Russia (Federation).</subfield>
    <subfield code="b">Министерство обороны.</subfield>
    <subfield code="b">Филиал No. 3 Главного военного клинического госпиталя имени академика Н.Н. Бурденко</subfield>
  </datafield>
  <datafield tag="510" ind1="2" ind2=" ">
    <subfield code="w">r</subfield>
    <subfield code="i">Predecessor:</subfield>
    <subfield code="a">32 T︠s︡entralʹnyĭ voenno-morskoĭ klinicheskiĭ gospitalʹ</subfield>
  </datafield>
  <datafield tag="667" ind1=" " ind2=" ">
    <subfield code="a">Non-Latin script reference not evaluated</subfield>
  </datafield>
  <datafield tag="670" ind1=" " ind2=" ">
    <subfield code="a">30 let na sluzhbe voenno-morskoĭ medit︠s︡iny, 2013:</subfield>
    <subfield code="b">t.p. (32 Центральный военно-морской клинический госпиталь. Филиал No. 3 Главного военного клинического госпиталя имени академика Н.Н. Бурденко = 32 T︠s︡entralʹnyĭ voenno-morskoĭ klinicheskiĭ gospitalʹ. Filial No. 3 Glavnogo voenno-morskogo klinicheskogo gospitali︠a︡ imeni akademika N.N. Burdenko) t.p. verso (Филиал No. 3 ГВКГ им. акад. Н.Н. Бурденко = Filial No. 3 GVKG im. akad. N.N. Burdenko) p. 11 (32 ЦВМГ = 32 T︠S︡VMG; 15 ii︠u︡ni︠a︡ 1983, zavershenie stroitelʹstva) p. 21 (26 fevrali︠a︡ 2010 gospitalʹ reorganizovan putem prisoedinenii︠a︡ k GVKG im. akad. N.N. Burdenko s naimenovaniem "Filial No. 3 FGU "Glavnyĭ voennyĭ klinicheskiĭ gospitalʹ imeni akademika N.N. Burdenko Ministerstva oborony Rossiĭskoĭ Federat︠s︡ii")</subfield>
  </datafield>
</record>